@misc{nihDecompositionSkin,
	author = {},
	title = {{D}ecomposition of skin conductance data by means of nonnegative deconvolution --- ncbi.nlm.nih.gov},
	howpublished = {\url{https://www.ncbi.nlm.nih.gov/pmc/articles/PMC2904901/}},
	year = {},
	note = {[Accessed 10-10-2024]},
}

@article{article,
author = {Kim, Seung-Jean and Koh, K. and Lustig, M. and Boyd, Stephen and Gorinevsky, Dimitry},
year = {2008},
month = {01},
pages = {606 - 617},
title = {An Interior-Point Method for Large-Scale L1-Regularized Least Squares},
volume = {1},
journal = {Selected Topics in Signal Processing, IEEE Journal of},
doi = {10.1109/JSTSP.2007.910971}
}

@incollection{Dawson2007,
author    = {Dawson, Michael E. and Schell, Anne M. and Filion, Diane L.},
title     = {The Electrodermal System},
editor    = {Cacioppo, John T. and Tassinary, Louis G. and Berntson, Gary G.},
booktitle = {Handbook of Psychophysiology},
edition   = {3rd},
pages     = {159--181},
publisher = {Cambridge University Press},
address   = {Cambridge, UK},
year      = {2007}
}

@book{Boucsein2012,
  author    = {Boucsein, Wolfram},
  title     = {Electrodermal Activity},
  edition   = {2nd},
  publisher = {Springer},
  address   = {New York, NY},
  year      = {2012}
}

@article{Braithwaite2013,
  author  = {Braithwaite, Jason J. and Watson, Derrick G. and Jones, Robert and Rowe, Michael},
  title   = {A Guide for Analysing Electrodermal Activity (EDA) and Skin Conductance Responses (SCRs) for Psychological Experiments},
  journal = {Psychophysiology},
  volume  = {49},
  number  = {1},
  pages   = {1017--1034},
  year    = {2013}
}