@article{Ahmed_Scully_Vaughan_Wilson_Ozanyan_2014, 
title={Polymer Optical Fibre Sensor for Measuring Breathing Rate of Lying Person}, 
url={https://www.semanticscholar.org/paper/13f972b62be3982ebcb247720aa32e0d7df77815}, 
journal={International Journal on Smart Sensing and Intelligent Systems}, 
author={Ahmed, Nabeel and Scully, Patricia Jane and Vaughan, J. and Wilson, C. and Ozanyan, K.}, 
year={2014}, 
month=jan
}

@article{Truong_Kim_2024,
title={A Wearable Strain Sensor Utilizing Shape Memory Polymer/Carbon Nanotube Composites Measuring Respiration Movements}, 
url={https://www.mdpi.com/2073-4360/16/3/373}, 
journal={Polymers}, 
author={Truong, TranThuyNga and Kim, Joo-Hyong}, 
year={2024}, 
month=jan 
}

@article{Janusz_Roudjane_Mantovani_Messaddeq_Gosselin_2022, 
title={Detecting Respiratory Rate Using Flexible Multimaterial Fiber Electrodes Designed for a Wearable Garment}, 
url={https://www.semanticscholar.org/paper/5ee37a42d081ebd6fd3a8758c47304304ca8aee5}, 
journal={IEEE Sensors Journal}, 
author={Janusz, Michelle and Roudjane, M. and Mantovani, D. and Messaddeq, Youn√®s and Gosselin, B.}, 
year={2022}, 
month=jul 
}
@article{Jerath_Beveridge_2020, 
title={Respiratory rhythm, autonomic modulation, and the spectrum of emotions: The future of emotion recognition and modulation},
url={https://www.ncbi.nlm.nih.gov/pmc/articles/PMC7457013/}, 
journal={Frontiers in psychology}, 
publisher={U.S. National Library of Medicine}, 
author={Jerath, Ravinder and Beveridge, Connor}, 
year={2020}, 
month=aug
} 

@article{Matar_Kaddoum_Carrier_Lina_2021, 
title={Kalman Filtering for Posture-Adaptive in-Bed Breathing Rate Monitoring Using Bed-Sheet Pressure Sensors}, 
url={https://www.semanticscholar.org/paper/60836f4af971a31a8f3233a216db2aec127a35da}, 
journal={IEEE Sensors Journal}, 
author={Matar, Georges and Kaddoum, Georges and Carrier, J. and Lina, J.}, 
year={2021}, 
month=jul 
}

@article{Boiko_Madrid_Seepold_2023, 
title={Contactless Technologies, Sensors, and Systems for Cardiac and Respiratory Measurement during Sleep: A Systematic Review}, 
url={https://www.mdpi.com/1424-8220/23/11/5038}, 
journal={Sensors (Basel, Switzerland)}, 
author={Boiko, A. and Madrid, N. M. and Seepold, R.}, 
year={2023}, 
month=may 
}

@article{Serrano-Finetti_Hornero_Casas_2022, 
title={Simple low-power demodulator for the measurement of basal and physiological changes of electrical bioimpedance}, 
url={https://www.semanticscholar.org/paper/d433ae2266c80de3f7610cbc741dcc7a9fad83c4}, 
journal={2022 IEEE International Workshop on Metrology for Industry 4.0 \& IoT (MetroInd4.0\&IoT)}, 
author={Serrano-Finetti, E. and Hornero, G. and Casas, O.}, 
year={2022}, 
month=jun 
}

@article{Yang_Huang_Weng_Liu_Chen_2024, 
title={Wearable system for monitoring breathing and walking that comprises textile-based capacitive sensors at multiple positions}, 
url={https://www.semanticscholar.org/paper/6c9d3b23a403ba7d9c4b07981c7d1ebe7ca2edb6}, 
journal={2024 IEEE International Conference on Consumer Electronics (ICCE)}, 
author={Yang, Chang-Ming and Huang, Ji-Jer and Weng, Sheng-Feng and Liu, Jui-Fang and Chen, Sheng-Fu}, 
year={2024}, 
month=jan 
}

@article{Nasseri_Lagman_Simon_Zhang_Mednick_2021, 
title={161 Sleep, Emotion, and Physical Activity in Older Adults Who Engage in Resonant Breathing Biofeedback}, 
url={https://www.semanticscholar.org/paper/72e6df4c9b0e6da6368add65395b317c181795df}, 
journal={Sleep}, 
author={Nasseri, Noor and Lagman, Hanna and Simon, K. and Zhang, Jing and Mednick, S.}, 
year={2021}, 
month=may 
}

@article{Crockett_2014, 
title={Investigating the relationships among breathing, attachment, and emotion-regulation}, 
url={https://www.semanticscholar.org/paper/c9afca68c581609d5a0f1b848a7892cb5a59ecbd},
journal={},
author={Crockett, Jamie E.}, 
year={2014}, 
month=jan 
}