@misc{imotionsGalvanicSkin,
	author = {},
	title = {{G}alvanic {S}kin {R}esponse ({G}{S}{R}): {T}he {C}omplete {P}ocket {G}uide - i{M}otions --- imotions.com},
	howpublished = {\url{https://imotions.com/blog/learning/research-fundamentals/galvanic-skin-response/#:~:text=Galvanic%20Skin%20Response%20originates%20from,that%20can%20be%20quantified%20statistically.}},
	year = {},
	note = {[Accessed 04-10-2024]},
}

@article{Wan_Wang_Wang_Tang_Liu_2024, 
title={Joint low-rank tensor fusion and cross-modal attention for multimodal physiological signals based emotion recognition.}, 
url={https://www.semanticscholar.org/paper/815f6d328115cd09c798bea2ac421aaac55bb433}, 
journal={Physiological measurement}, 
author={Wan, Xin and Wang, Yongxionga and Wang, Zhe and Tang, Yiheng and Liu, Benke}, 
year={2024}, 
month=jun 
}

@article{Datta_Xinming_Hinrichs_Jovanović_Mclean_2020, 
title={Galvanic skin response characteristic of trauma survivors and applying signal processing techniques to improve its ability as a useful predictor in behavioral modeling}, 
url={https://www.semanticscholar.org/paper/218a24e1ac7bb1e45ec144e8efff1fb8d073a654}, 
journal={2020 SoutheastCon}, 
author={Datta, Saswati and Xinming, An and Hinrichs, Rebecca and Jovanović, T. and Mclean, S.}, 
year={2020}, 
month=mar 
}

@article{article,
author = {Kahneman, Daniel and Tursky, Bernard and Shapiro, David and Crider, Andrew},
year = {1969},
month = {01},
pages = {164-7},
title = {Pupillary Heart Rate and Skin Resistance Changes During a Mental Task},
volume = {79},
journal = {Journal of experimental psychology},
doi = {10.1037/h0026952}
}

@article{Abdel-Latif_Rashid_Askari_Park_Sharp_Quinn_Cinar_2023, 
title={Multi-Task Classification of Physical Activity and Acute Psychological Stress from Wearable Device Data*}, 
url={https://www.semanticscholar.org/paper/e98b87488132b4a16fe00ca0083c3857351c0417}, 
journal={2023 IEEE EMBS Special Topic Conference on Data Science and Engineering in Healthcare, Medicine and Biology}, 
author={Abdel-Latif, Mahmoud and Rashid, Mudassir M. and Askari, Mohammad-Reza and Park, Minsun and Sharp, Lisa and Quinn, Laurie and Cinar, A.}, 
year={2023}, 
month=dec 
}

@article{Chen_Zeng_Chen_Cai_Wang_Wang_Zhang_Li_Yan_Siok_et_al._2024, 
title={EEG Emotion Copilot: Pruning LLMs for Emotional EEG Interpretation with Assisted Medical Record Generation}, 
url={https://www.semanticscholar.org/paper/47c16e0032b9b56ece0e3954b253694a6c663976}, 
author={Chen, Hongyu and Zeng, Weiming and Chen, Chengcheng and Cai, Luhui and Wang, Fei and Wang, Lei and Zhang, Wei and Li, Yueyang and Yan, Hongjie and Siok, W. and Wang, Nizhuan}, 
year={2024}, 
month=sep 
}

@article{Hernando-Gallego_Luengo_Artés-Rodríguez_2018, 
title={Feature Extraction of Galvanic Skin Responses by Nonnegative Sparse Deconvolution}, 
url={https://www.semanticscholar.org/paper/cebe0574ef03708597d215e4c9eb744e2d8fb477}, 
journal={IEEE Journal of Biomedical and Health Informatics}, 
author={Hernando-Gallego, Francisco and Luengo, D. and Artés-Rodríguez, Antonio}, 
year={2018}, 
month=sep 
}