@article{Manjarres-Triana_Acevedo-Serna_Ram’irez-Duque_Jim’enez_Pulido-Herrera_Mayor_2023, 
title={Overview of processing techniques for surface electromyography signals}, 
url={https://www.semanticscholar.org/paper/66f12debac90f701099218feafd4dbb3677eb374}, 
author={Manjarres-Triana, Alejandra and Acevedo-Serna, Juan and Ram’irez-Duque, Andr’es A. and Jim’enez, Mario F. and Pulido-Herrera, Edith and Mayor, J. J. V.}, 
year={2023}, 
month=apr 
}

@article{Campanini_Merlo_Degola_Merletti_2007, 
title={Effect of electrode location on EMG signal envelope in leg muscles during gait}, 
url={https://www.sciencedirect.com/science/article/pii/S1050641106000745}, 
author={Campanini, I and Merlo, A and Degola, P and Merletti, R}, 
year={2007}, 
month=jan 
}
@ARTICLE{9749945,
author={Farago, Emma and MacIsaac, Dawn and Suk, Michelle and Chan, Adrian D. C.},
journal={IEEE Reviews in Biomedical Engineering}, 
title={A Review of Techniques for Surface Electromyography Signal Quality Analysis}, 
year={2023},
volume={16},
number={},
pages={472-486},
keywords={Electromyography;Electrodes;Interference;Muscles;Filtering;Pollution measurement;Monitoring;Biomedical signal processing;electromyography;high-density EMG;signal quality analysis;surface EMG},
doi={10.1109/RBME.2022.3164797}}

@article{Blase_Vermetten_Lehrer_Gevirtz_2021, 
title={Neurophysiological Approach by Self-Control of Your Stress-Related Autonomic Nervous System with Depression, Stress and Anxiety Patients}, 
url={https://www.mdpi.com/1660-4601/18/7/3329}, 
journal={International Journal of Environmental Research and Public Health}, 
author={Blase, K. and Vermetten, E. and Lehrer, P. and Gevirtz, R.}, 
year={2021}, 
month=mar 
}

@article{Mamieva_Abdusalomov_Kutlimuratov_Muminov_Whangbo_2023, 
title={Multimodal Emotion Detection via Attention-Based Fusion of Extracted Facial and Speech Features}, 
url={https://www.mdpi.com/1424-8220/23/12/5475}, 
journal={Sensors (Basel, Switzerland)}, 
author={Mamieva, Dilnoza and Abdusalomov, A. and Kutlimuratov, Alpamis and Muminov, B. and Whangbo, T.}, 
year={2023}, 
month=jun 
}

@article{Awana_Singh_Mishra_Bhutani_Kumar_Shrivastava_2023, 
title={Live Emotion Detection Using Deepface}, 
url={https://www.semanticscholar.org/paper/507c366cc9f24d7ca71f1eada6495492bfd62af2}, 
journal={2023 6th International Conference on Contemporary Computing and Informatics (IC3I)}, 
author={Awana, Abhinav and Singh, Shubhranshu Vikram and Mishra, Awakash and Bhutani, Vijay and Kumar, Shipra Ravi and Shrivastava, P.}, 
year={2023}, 
month=sep 
}

@article{Sato_Murata_Uraoka_Shibata_Yoshikawa_2021, 
title={Emotional valence sensing using a wearable facial EMG device}, 
url={https://www.nature.com/articles/s41598-021-85163-z}, 
author={Sato, W and Murata, K and Uraoka, Y and Shibata, K and Yoshikawa, S}, 
year={2021}, 
month=jan 
}

@article{Diederiks_2021, 
title={Multichannel surface EMG and machine learning for classification of facial expressions}, 
url={http://essay.utwente.nl/86525/}, 
author={Diederiks, VL}, 
year={2021}, 
month=jan 
}

@article{Künecke_Hildebrandt_Recio_Sommer_2014, 
title={Facial EMG responses to emotional expressions are related to emotion perception ability}, 
url={https://journals.plos.org/plosone/article?id=10.1371/journal.pone.0084053}, 
author={Künecke, J and Hildebrandt, A and Recio, G and Sommer, W}, 
year={2014}, 
month=jan 
}

@article{Pourmohammadi_Maleki_2020, 
title={Stress detection using ECG and EMG signals: A comprehensive study}, 
url={https://www.sciencedirect.com/science/article/pii/S0169260719320528}, 
author={Pourmohammadi, S and Maleki, A}, 
year={2020}, 
month=jan 
}

@article{Mavratzakis_Herbert_Walla_2016, 
title={Emotional facial expressions evoke faster orienting responses, but weaker emotional responses at neural and behavioural levels compared to scenes: A …}, 
url={https://www.sciencedirect.com/science/article/pii/S1053811915008873}, 
author={Mavratzakis, A and Herbert, C and Walla, P}, 
year={2016}, 
month=jan 
}
@article{Naik_Kumar_Arjunan_Palaniswami_Begg_2006, 
title={Limitations and Applications of ICA for Surface Electromyogram}, 
url={https://www.semanticscholar.org/paper/8771fa134aa6ca13108d8661dd47b40ec5630857}, 
journal={Electromyography and clinical neurophysiology}, 
author={Naik, G. and Kumar, D. and Arjunan, S. and Palaniswami, M. and Begg, R.}, 
year={2006}, 
month=sep 
}
@article{Djuwari_Kumar_Arjunan_Naik_2008, 
title={Limitations and Applications of ICA for Surface Electromyogram}, 
url={https://www.semanticscholar.org/paper/3c77af8cdc0e91319230862b4ddab9f54731ac86}, 
journal={2006 International Conference of the IEEE Engineering in Medicine and Biology Society}, 
author={Djuwari, Djuwari and Kumar, D. and Arjunan, S. and Naik, G.}, 
year={2008}, 
month=sep 
}
@article{Lee_Ko_Lee_Lee_Yoon_2009, 
title={Detection technique of muscle activation intervals for sEMG signals based on the empirical mode decomposition}, 
url={https://www.semanticscholar.org/paper/ae558bfd39f7decbd125ef4796fa1ee5c3634a35}, 
journal={2009 Annual International Conference of the IEEE Engineering in Medicine and Biology Society}, 
author={Lee, Junghoon and Ko, Hyunchul and Lee, Seunghwan and Lee, Hyunsook and Yoon, Y.}, 
year={2009}, 
month=nov 
}
@article{Zheng_Wan_Xu_Wang_Qiao_2020, 
title={Identification of muscle morphology with noncontact capacitive sensing: Preliminary study}, 
url={https://www.semanticscholar.org/paper/0c5dcea4840cd5cfa0381dddfc1a9cfe66d8eb38}, 
journal={2020 42nd Annual International Conference of the IEEE Engineering in Medicine I\& Biology Society (EMBC)}, 
author={Zheng, Enhao and Wan, Jiacheng and Xu, Dongfang and Wang, Qining and Qiao, Hong}, 
year={2020}, 
month=jul 
}

@article{ceramic-on-metal_bearing_hip_replacement_of_Sciences_2023, 
title={HIA as a standard tool for effective decision-making on NCD policies}, 
url={https://www.semanticscholar.org/paper/75e6787e43c1889607b982c617461591d31ca6f6}, 
journal={The European Journal of Public Health}, 
author={ceramic-on-metal and bearing, ceramic-on-metal and hip, in and replacement and of, Department and Sciences}, 
year={2023}, 
month=oct 
}